% This file was created with JabRef 2.8.1.
% Encoding: Cp1252

@BOOK{Dembowski2011,
  title = {Energy Harvesting f"ur die Mikroelektronik},
  publisher = {VDE Verlag GmbH},
  year = {2011},
  author = {K. Dembowski},
  address = {Berlin},
  edition = {1.}
}

@BOOK{Schruefer2012,
  title = {Elektrische Messtechnik},
  publisher = {Hanser Verlag},
  year = {2012},
  author = {E. Schr"ufer, L. Reindl, B. Zagar},
  edition = {10.},
  owner = {sjobstm},
  timestamp = {2012.10.08}
}

@BOOK{Spule,
  title = {WE-WPCC Wireless Power Charging Coil, 760308201},
  publisher = {W"urth Elektronik eiSos GmbH \& Co. KG},
  year = {2012},
  author = {W"urth Elektronik eiSos GmbH \& Co. KG},
  address = { Max-Eyth-Str. 1, 74638 Waldenburg, Germany},
  note = {\\
	
	\url{http://katalog.we-online.de/pbs/datasheet/760308201.pdf}},
  howpublished = {Datasheet},
  language = {English},
  organization = {W"urth Elektronik eiSos GmbH \& Co. KG},
  owner = {sjobstm},
  timestamp = {2012.10.09},
  url = {http://katalog.we-online.de/pbs/datasheet/760308201.pdf}
}

@BOOK{BQ24100,
  title = {BQ24100 SYNCHRONOUS SWITCHMODE, LI-ION AND LI-POLYMER CHARGE-MANAGEMENT
	IC WITH INTEGRATED POWER FETs},
  publisher = {Texas Instruments Incorporated},
  year = {2012},
  author = {Texas Instruments},
  address = { Post Office Box 655303, Dallas, Texas 75265},
  note = {\\
	
	\url{http://www.ti.com/lit/ds/symlink/bq24100.pdf}},
  howpublished = {Datasheet},
  language = {English},
  organization = {Texas Instruments Incorporated},
  owner = {sjobstm},
  timestamp = {2012.10.09},
  url = {http://www.ti.com/lit/ds/symlink/bq24100.pdf}
}

@BOOK{BQ51013,
  title = {BQ51013 INTEGRATED WIRELESS POWER SUPPLY RECEIVER, Qi (WIRELESS POWER
	CONSORTIUM) COMPLIANT},
  publisher = {Texas Instruments Incorporated},
  year = {2012},
  author = {Texas Instruments},
  address = { Post Office Box 655303, Dallas, Texas 75265},
  note = {\\
	
	\url{http://www.ti.com/lit/ds/symlink/bq51013.pdf}},
  howpublished = {Datasheet},
  language = {English},
  organization = {Texas Instruments Incorporated},
  owner = {sjobstm},
  timestamp = {2012.10.09},
  url = {http://www.ti.com/lit/ds/symlink/bq51013.pdf}
}

@BOOK{bq51013EVM-725,
  title = {bq51013EVM-725 Evaluation Module},
  publisher = {Texas Instruments Incorporated},
  year = {2012},
  author = {Texas Instruments},
  address = {Post Office Box 655303, Dallas, Texas 75265},
  note = {\\
	
	\url{http://www.ti.com/lit/ug/slvu447a/slvu447a.pdf}},
  howpublished = {Datasheet},
  language = {English},
  organization = {Texas Instruments Incorporated},
  owner = {sjobstm},
  timestamp = {2012.10.09},
  url = {http://www.ti.com/lit/ug/slvu447a/slvu447a.pdf}
}

@BOOK{CC2541,
  title = {CC541 2.4-GHz Bluetooth low energy and Proprietary System-on-Chip},
  publisher = {Texas Instruments Incorporated},
  year = {2012},
  author = {Texas Instruments},
  address = { Post Office Box 655303, Dallas, Texas 75265},
  note = {\\
	
	\url{http://www.ti.com/lit/ds/symlink/cc2541.pdf}},
  howpublished = {Datasheet},
  language = {English},
  organization = {Texas Instruments Incorporated},
  owner = {sjobstm},
  timestamp = {2012.10.09},
  url = {http://www.ti.com/lit/ds/symlink/cc2541.pdf}
}

@BOOK{CC2541_full,
  title = {swru191c CC2540/41 System-on-Chip Solution for
	
	2.4-GHz Bluetooth low energy Applications
	
	User's Guide},
  publisher = {Texas Instruments Incorporated},
  year = {2012},
  author = {Texas Instruments},
  address = { Post Office Box 655303, Dallas, Texas 75265},
  note = {\\
	
	\url{http://www.ti.com/lit/ug/swru191c/swru191c.pdf}},
  howpublished = {Datasheet},
  language = {English},
  organization = {Texas Instruments Incorporated},
  owner = {sjobstm},
  timestamp = {2012.10.09},
  url = {http://www.ti.com/lit/ug/swru191c/swru191c.pdf}
}

@BOOK{bq500110EVM-688,
  title = {bq500110EVM-688 Evaluation Module},
  publisher = {Texas Instruments Incorporated},
  year = {2011},
  author = {Texas Instruments},
  address = { Post Office Box 655303, Dallas, Texas 75265},
  note = {\\
	
	\url{http://www.ti.com/lit/ug/slvu429a/slvu429a.pdf}},
  howpublished = {Datasheet},
  language = {English},
  organization = {Texas Instruments Incorporated},
  owner = {sjobstm},
  timestamp = {2012.10.09},
  url = {http://www.ti.com/lit/ug/slvu429a/slvu429a.pdf}
}

@BOOK{ADS1232,
  title = {ADS1232 24-Bit Analog-to-Digital Converter For Bridge Sensors},
  publisher = {Texas Instruments Incorporated},
  year = {2008},
  author = {Texas Instruments},
  address = {Post Office Box 655303, Dallas, Texas 75265},
  note = {\\
	
	\url{http://www.ti.com/lit/ds/symlink/ads1232.pdf}},
  howpublished = {Datasheet},
  language = {English},
  organization = {Texas Instruments Incorporated},
  owner = {sjobstm},
  timestamp = {2012.10.09},
  url = {http://www.ti.com/lit/ds/symlink/ads1232.pdf}
}

@BOOK{Jobstmann2012,
  title = {Auswertung der Messungen "uber Kapazit"ats"anderung von Piezoelementen
	in Abh"angigkeit von eindimensionaler mechanischer Druckbelastung},
  publisher = {unpublished},
  year = {2012},
  author = {S. Jobstmann},
  institution = {Hochschule Landshut},
  owner = {sjobstm},
  timestamp = {2012.10.09}
}

@BOOK{LTC3108,
  title = {LTC3108 Ultralow voltage Step-Up Converter and Power Manager},
  publisher = {Linear Technology Corporation},
  year = {2010},
  author = {LTC},
  address = {1630 McCarthy Blvd., Milpitas, CA 95035-7417},
  note = {\\
	
	\url{http://www.linear.com/product/LTC3108}},
  howpublished = {Datasheet},
  language = {English},
  organization = {Linear Technology Corporation},
  owner = {sjobstm},
  timestamp = {2012.10.09},
  url = {http://www.linear.com/product/LTC3108}
}

@BOOK{Psych,
  title = {Taschenbuch der Angewandten Psychoakustik},
  publisher = {Springer Technik},
  year = {1998},
  author = {Manfred T. Kalivoda, Johannes W. Steiner},
  owner = {sjobstm},
  timestamp = {2013.01.21}
}

@BOOK{cc1101,
  title = {cc1101.pdf},
  publisher = {Texas Instruments Incorporated},
  year = {Stand: 26. 01. 2013},
  note = {\\
	
	\url{www.ti.com/lit/ds/symlink/cc1101.pdf}},
  owner = {sjobstm},
  timestamp = {2013.01.27}
}

@BOOK{cc430f6137,
  title = {MSP430 16-Bit Ultra-Low Power MCUs - RF SoC Series - CC430F6137},
  publisher = {Texas Instruments Incorporated},
  year = {Stand: 26. 01. 2013},
  note = {\\
	
	\url{http://www.ti.com/product/cc430f6137}\texttt{:Software/CC430F613x
	C Examples (IAR and CCS) (Rev. C) }},
  owner = {sjobstm},
  timestamp = {2013.01.27}
}

@BOOK{CCDEBUG,
  title = {Debugger and Programmer for RF-System-on-Chips - CC-Debugger},
  publisher = {Texas Instruments Incorporated},
  year = {Stand: 26. 01. 2013},
  note = {\\
	
	\url{http://www.ti.com/tool/cc-debugger}},
  owner = {sjobstm},
  timestamp = {2013.01.27}
}

@BOOK{DLR,
  title = {DLR -Institut f"ur Robotik und Mechatronik - Motion Compensation
	in Minimally Invasive Heart Surgery},
  publisher = {DLR},
  year = {Stand: 26. 01. 2013},
  note = {\\
	
	\url{http://www.dlr.de/rm/desktopdefault.aspx/tabid-3830/6256_read-9016/}},
  owner = {sjobstm},
  timestamp = {2013.01.27}
}

@BOOK{DLR2,
  title = {Paralyzed individuals control robotic arms to reach and grasp using
	brain computer interface},
  publisher = {DLR},
  year = {Stand: 26. 01. 2013},
  note = {\\
	
	\url{http://medicalxpress.com/news/2012-05-paralyzed-individuals-robotic-arms-grasp.html}},
  owner = {sjobstm},
  timestamp = {2013.01.27}
}

@BOOK{ez430,
  title = {EZ430-Chronos Texas Instruments Embedde Processors Wiki},
  publisher = {Texas Instruments Incorporated},
  year = {Stand: 26. 01. 2013},
  note = {\\
	
	\url{http://processors.wiki.ti.com/index.php/EZ430-Chronos}},
  owner = {sjobstm},
  timestamp = {2013.01.27}
}

@BOOK{git,
  title = {Github Repository of wa7iut},
  publisher = {Robert Davidson},
  year = {Stand: 26. 01. 2013},
  note = {\\
	
	\url{https://github.com/wa7iut}},
  owner = {sjobstm},
  timestamp = {2013.01.27}
}

@BOOK{iar,
  title = {C/C++ Compiler 8051 - IAR Embedded Workbench for 8051},
  publisher = {IAR Systems},
  year = {Stand: 26. 01. 2013},
  note = {\\
	
	\url{http://www.iar.com/en/Products/IAR-Embedded-Workbench/8051/}},
  owner = {sjobstm},
  timestamp = {2013.01.27}
}

@BOOK{LTC,
  title = {LTC3108 - Ultralow voltage Step-Up Converter and Power Manager},
  publisher = {LTC},
  year = {Stand: 26. 01. 2013},
  note = {\\
	
	\url{http://www.linear.com/product/LTC3108}},
  owner = {sjobstm},
  timestamp = {2013.01.27}
}

@BOOK{MAS,
  title = {Low Noise/EMI Piezo Buzzer Driver - Micro Analog Systems},
  publisher = {Micro Analog Systems},
  year = {Stand: 26. 01. 2013},
  note = {\\
	
	\url{http://www.mas-oy.com/products/audio/mas6240/}},
  owner = {sjobstm},
  timestamp = {2013.01.27}
}

@BOOK{multisim,
  title = {Software f"ur den Schaltungsentwurf: NI Multisim},
  publisher = {National Instruments},
  year = {Stand: 26. 01. 2013},
  note = {\\
	
	\url{http://www.ni.com/multisim/d/}},
  owner = {sjobstm},
  timestamp = {2013.01.27}
}

@BOOK{sri,
  title = {SRI - Spezialist f"ur Elektronikfertigung, Entwicklung und Lean Consulting},
  publisher = {SRI Radio Systems GmbH},
  year = {Stand: 26. 01. 2013},
  note = {\\
	
	\url{http://www.sri.de/}},
  owner = {sjobstm},
  timestamp = {2013.01.27}
}

@BOOK{TIBQ24100,
  title = {Battery Management Products - Battery Charger Solutions BQ24100},
  publisher = {Texas Instruments Incorporated},
  year = {Stand: 26. 01. 2013},
  note = {\\
	
	\url{https://www.ti.com/product/bq24100}},
  owner = {sjobstm},
  timestamp = {2013.01.27}
}

@BOOK{TICC2541,
  title = {Personal Area Networks - Bluetooth Low Energy Technology - CC2541},
  publisher = {Texas Instruments Incorporated},
  year = {Stand: 26. 01. 2013},
  note = {\\
	
	\url{http://www.ti.com/product/cc2541}},
  owner = {sjobstm},
  timestamp = {2013.01.27}
}

@BOOK{tonline,
  title = {Uelzen: Explodiertes Notebook l"ost Feuerwehreinsatz aus},
  publisher = {T-Online},
  year = {Stand: 26. 01. 2013},
  note = {\\
	
	\url{http://computer.t-online.de/uelzen-explodiertes-notebook-loest-feuerwehreinsatz-aus/id_42553726/index}},
  owner = {sjobstm},
  timestamp = {2013.01.27}
}

@BOOK{txline,
  title = {TX-Line: Transmission Line Calculator AWR Corporation},
  publisher = {AWR Corporation},
  year = {Stand: 26. 01. 2013},
  note = {\\
	
	\url{http://www.awrcorp.com/products/optional-products/tx-line-transmission-line-calculator}},
  owner = {sjobstm},
  timestamp = {2013.01.27}
}

